<?xml version="1.0" encoding="UTF-8"?><collection xmlns="http://www.loc.gov/MARC21/slim"><record><leader>00420nam--2200157-i-4500</leader><controlfield tag="001">000013274</controlfield><controlfield tag="002">20161230</controlfield><controlfield tag="005">20170220003228</controlfield><controlfield tag="008">060222s1000------------r-----000-0-eng-d</controlfield><datafield ind1=" " ind2=" " tag="100"><subfield code="a">Carloganu, Constantin</subfield></datafield><datafield ind1=" " ind2=" " tag="245"><subfield code="a">Introducere in ingineria reactoarelor chimice</subfield></datafield><datafield ind1=" " ind2=" " tag="260"><subfield code="a">Bucuresti</subfield><subfield code="b">Editura Tehnica</subfield><subfield code="c">1980</subfield></datafield><datafield ind1=" " ind2=" " tag="300"><subfield code="a">476 p</subfield></datafield><datafield ind1=" " ind2=" " tag="490"><subfield code="a">Seria Inginerie Chimica</subfield></datafield><datafield ind1=" " ind2=" " tag="852"><subfield code="a">66012</subfield></datafield><datafield ind1=" " ind2=" " tag="CAT"><subfield code="a">SYS</subfield><subfield code="c">20170220</subfield><subfield code="h">003228</subfield></datafield></record></collection>